@online{incrocio,
    title = "Intersezione a raso a quattro bracci",
    url  = {https://it.wikipedia.org/wiki/Intersezione_a_raso},
}
@article{itlc,
	author = "Maram Bani Younes, Azzedine Boukerche",
	title = {Intelligent Traffic Light Controlling Algorithms Using Vehicular Networks},
	journal = "IEEE Transactions on Vehicular Technology",
	pages = "5887--5889",
	year = "2016"
}
@book{probability,
	title = {The Probability Theory Applied to Distribution of Vehicles on Two-Lane Highways},
	author = "Daniel L. Gerlough",
	year = "1995"
}
@online{google_vision,
    title = "API Google Vision",
    url  = {https://cloud.google.com/vision?hl=it},
}
@online{open_CV,
    title = "API OpenCV",
    url  = {https://opencv.org},
}
@online{entitygen,
    title = "Entity Generator",
    url  = {https://www.mathworks.com/help/simevents/ref/entitygenerator.html},
}
@online{entityqueue,
    title = "Entity Queue",
    url  = {https://www.mathworks.com/help/simevents/ref/queue.html},
}
@online{entitygate,
    title = "Entity Gate",
    url  = {https://www.mathworks.com/help/simevents/ref/entitygate.html},
}
@online{entityserver,
    title = "Entity Server",
    url  = {https://www.mathworks.com/help/simevents/ref/entityserver.html},
}
@online{entityterminator,
    title = "Entity Terminator",
    url  = {https://www.mathworks.com/help/simevents/ref/entityterminator.html},
}
@online{enabledsub,
    title = "Enabled Subsystem",
    url  = {https://www.mathworks.com/help/simulink/slref/enabledsubsystem.html},
}
@online{functioncallsub,
    title = "Function-Call Subsystem",
    url  = {https://www.mathworks.com/help/simulink/slref/functioncallsubsystem.html},
}
@online{messagesend,
    title = "Message Send",
    url  = {https://www.mathworks.com/help/simulink/slref/send.html},
}
@online{feedbacklatch,
    title = "Function-Call Feedback Latch",
    url  = {https://www.mathworks.com/help/simulink/slref/functioncallfeedbacklatch.html},
}
@online{delay,
    title = "Unit Delay",
    url  = {https://www.mathworks.com/help/simulink/slref/unitdelay.html},
}
@online{subsystem,
    title = "Subsystem",
    url  = {https://www.mathworks.com/help/simulink/slref/subsystem.html},
}
@online{digclock,
    title = "Digital Clock",
    url  = {https://www.mathworks.com/help/simulink/slref/digitalclock.html},
}
@online{simfunc,
    title = "Simulink Function",
    url  = {https://www.mathworks.com/help/simulink/simulink-functions-in-simulink-models.html},
}
@online{entityreplicator,
    title = "Entity Replicator",
    url  = {https://it.mathworks.com/help/simevents/ref/entityreplicator.html},
}




















